@misc{apparatus,
    author = "University of Minnesota",
    title = "Optical Pumping of Rubidium",
    year = "No date, accessed 24 Feb 2020",
    url = "http://spa-mxpweb.spa.umn.edu/s11/Projects/S11_OpticalPumping/apparatus.htm"
}

@article{kastler,
    author = "A. Kastler",
    title = "Optical Methods for Studying Hertzian Resonances",
    journal = "Science",
    volume = "158",
    number = "3798",
    pages = "214-221",
    year = "13 Oct 1967",
    DOI = "10.1126/science.158.3798.214"
    
}

@book{rae,
    TITLE = "Quantum Mechanics",
  SUBTITLE = "Fifth Edition",
  AUTHOR = "A. I. M. Rae",
  YEAR = "2008",
  PUBLISHER = "Taylor \& Francis"
}

@book{griffiths,
    TITLE = "Introduction to Quantum Mechanics",
    SUBTITLE = "2nd Edition",
    AUTHOR = "J. D. Griffiths",
    YEAR = "2005",
    PUBLISHER = "Pearson Education"
}

@article{colegrove,
    author = "F. D. Colegrove{,} L. D. Shearer{ \&} G. K. Walters",
    title = "Polarisation of $\mathrm{He^{3}}$ Gas by Optical Pumping",
    journal = "Phys. Rev.",
    volume = "132",
    number = "2561",
    year = "15 Dec 1963",
    DOI = "https://doi.org/10.1103/PhysRev.132.2561"
    
}

@manual{teachspin,
    title = "Optical Pumping of Rubidium",
    subtitle = "Student Guide to the Experiment",
    author = "TeachSpin{,} Inc{.}",
    year = "Year Unknown"
}

@article{happer,
    author = "W. Happer",
    title = "Optical Pumping",
    journal = "Rev. Mod. Phys.",
    volume = "44",
    number = "169",
    year = "1 Apr 1972",
    DOI = "10.1126/science.158.3798.214"
    
}

@book{nielsen,
    TITLE = "Quantum Computation and Quantum Information",
    AUTHOR = "M. A. Nielsen{,} I. L. Chuang",
    YEAR = "2010",
    PUBLISHER = "Cambridge University Press"
}

@article{ladd,
    author = "T. D. Ladd{,} F. Jelezko{,} R. Laflamme et al",
    title = "Quantum Computers",
    journal = "Nature",
    volume = "464",
    pages = "45-53",
    year = "4 Mar 2010",
    DOI = "https://0-doi-org.pugwash.lib.warwick.ac.uk/10.1038/nature08812"
}

@book{bellac,
    TITLE = "A Short Introduction to Quantum Information and Quantum Computation",
    AUTHOR = "M. Le Ballac",
    YEAR = "2006",
    PUBLISHER = "Cambridge University Press"
}

@article{zurek,
    author = "W. H. Zurek",
    title = "Decoherence, Einselection and the Quantum Origins of the Classical",
    journal = "Rev. Mod. Phys",
    volume = "75",
    number = "715",
    year = "22 May 2003",
    DOI = "https://doi.org/10.1103/RevModPhys.75.715"
}

@book{slater,
    TITLE = "Quantum Theory of Atomic Structure",
    AUTHOR = "J. C. Slater",
    YEAR = "1960",
    PUBLISHER = "McGraw-Hill"
}

@article{arute,
    author = "F. Arute{,} Kunal Arya{,} Ryan Babbush et al",
    title = "Quantum Supremacy Using a Programmable Superconducting Processor",
    journal = "Nature",
    volume = "574",
    pages = "505-510",
    year = "23 Oct 2019",
    DOI = "https://doi.org/10.1038/s41586-019-1666-5"
}

@article{aspuru,
    author = "A. Aspuru-Guzik{,} A. D. Dutoi{,} P. J. Love{ \&} M. Head-Gordon",
    title = "Simulated Quantum Computation of Molecular Energies",
    journal = "Science",
    volume = "309",
    number = "5741",
    pages = "1704-1707",
    year = "9 Sep 2005",
    DOI = "10.1126/science.1113479"
}

@article{wocjan,
    author = "P. Wocjan{ \&} J. Yard",
    title = "The Jones polynomial: Quantum Algorithms and Applications in Quantum Complexity Theory",
    journal = "Quantum Information and Computation",
    volume = "8",
    pages = "147-180",
    year = "3 Aug 2007",
    URL = "http://arxiv.org/abs/quant-ph/0603069"
}

@article{hallgren,
    author = "S. Hallgren",
    title = "Polynomial-Time Quantum Algorithms for Pell's Equation and the Principal Ideal Problem",
    journal = "Proceedings of the 34th ACM Symposium on Theory of Computing",
    pages = "653-658",
    year = "May 2002",
    DOI = "https://doi.org/10.1145/509907.510001"
}

@article{eckstein,
    author = "J. N. Eckstein{ \&} j. Levy",
    title = "Materials Issues for Quantum Computation",
    journal = "MRS Bulletin",
    volume = "38",
    number = "10",
    pages = "783-789",
    year = "14 Oct 2013",
    DOI = " https://doi.org/10.1557/mrs.2013.210"
}
